@article{Wischik_Resource:2008,
 author = {Wischik, Damon and Handley, Mark and Braun, Marcelo Bagnulo},
 title = {The Resource Pooling Principle},
 journal = {SIGCOMM Comput. Commun. Rev.},
 issue_date = {October 2008},
 volume = {38},
 number = {5},
 month = sep,
 year = {2008},
 issn = {0146-4833},
 pages = {47--52},
 numpages = {6},
 url = {http://doi.acm.org/10.1145/1452335.1452342},
 doi = {10.1145/1452335.1452342},
 acmid = {1452342},
 publisher = {ACM},
 address = {New York, NY, USA},
 keywords = {load balancing, multipath, resource pooling, statistical multiplexing, traffic engineering},
} 
