@Unpublished{mptcp_ns2,
  author =       {Yoshifumi Nishida},
  title =        {{MPTCP} implementation on ns-2},
  note =         {\url{http://www.jp.nishida.org/mptcp/}},
  url={http://www.jp.nishida.org/mptcp/},
  year =      2010}


