

@Article{Diez_Security:2011,
  author =       {Diez, Javier and Bagnulo, Marcelo, and Valera, Francisco and Vidal, Ivan},
  title =        {Security for {Multipath TCP}: a constructive approach},
  journal =      {International Journal of Internet Protocol Technology},
  year =         2011,
  volume =    6,
  number =    3,
  pages =     {146-155},
  doi =      {10.1504/IJIPT.2011.043675},
  url={http://www.it.uc3m.es/fjdcastr/Security%20for%20multipath%20TCP%20-%20a%20constructive%20approach.pdf}}



@inproceedings{Wischik_Design:2011,
 author = {Wischik, Damon and Raiciu, Costin and Greenhalgh, Adam and Handley, Mark},
 title = {Design, Implementation and Evaluation of Congestion Control for {Multipath TCP}},
 booktitle = {Proceedings of the 8th USENIX Conference on Networked Systems Design and Implementation},
 series = {NSDI'11},
 year = {2011},
 location = {Boston, MA},
 pages = {99--112},
 numpages = {14},
 url = {http://dl.acm.org/citation.cfm?id=1972457.1972468},
 acmid = {1972468},
 publisher = {USENIX Association},
 address = {Berkeley, CA, USA},
} 

@inproceedings{Raiciu_Datacenter:2011,
 author = {Raiciu, C. and Barre, S. and Pluntke, C. and Greenhalgh, A. and Wischik, D. and Handley, M.},
 title = {{Improving Datacenter Performance and Robustness with Multipath TCP}},
 booktitle = {ACM SIGCOMM 2011},
 year = {2011},
 isbn = {978-1-4503-0797-0},
 location = {Toronto, Ontario, Canada},
 numpages = {12},
 url = {http://doi.acm.org/10.1145/2018436.2018467},
 doi = {10.1145/2018436.2018467},
 acmid = {2018467},
}

@inproceedings{Raiciu_Opportunistic:2011,
 author = {Raiciu, Costin and Niculescu, Dragos and Bagnulo, Marcelo and Handley, Mark James},
 title = {Opportunistic Mobility with {Multipath TCP}},
 booktitle = {Proceedings of the Sixth International Workshop on MobiArch},
 series = {MobiArch '11},
 year = {2011},
 isbn = {978-1-4503-0740-6},
 location = {Bethesda, Maryland, USA},
 pages = {7--12},
 numpages = {6},
 url = {http://doi.acm.org/10.1145/1999916.1999919},
 doi = {10.1145/1999916.1999919},
 acmid = {1999919},
 publisher = {ACM},
 address = {New York, NY, USA},
 keywords = {mobility, multipath TCP},
} 



@inproceedings{Pluntke_Saving:2011,
 author = {Pluntke, Christopher and Eggert, Lars and Kiukkonen, Niko},
 title = {Saving Mobile Device Energy with {Multipath TCP}},
 booktitle = {Proceedings of the Sixth International Workshop on MobiArch},
 series = {MobiArch '11},
 year = {2011},
 isbn = {978-1-4503-0740-6},
 location = {Bethesda, Maryland, USA},
 pages = {1--6},
 numpages = {6},
 url = {http://doi.acm.org/10.1145/1999916.1999918},
 doi = {10.1145/1999916.1999918},
 acmid = {1999918},
 publisher = {ACM},
 address = {New York, NY, USA},
 keywords = {MPTCP, energy-efficiency, multipath TCP, scheduling},
} 

@incollection{Barre_Multipath:2011,
year={2011},
isbn={978-3-642-20756-3},
booktitle={NETWORKING 2011},
volume={6640},
series={Lecture Notes in Computer Science},
editor={Domingo-Pascual, Jordi and Manzoni, Pietro and Palazzo, Sergio and Pont, Ana and Scoglio, Caterina},
doi={10.1007/978-3-642-20757-0_35},
title={{MultiPath TCP}: From Theory to Practice},
url={http://inl.info.ucl.ac.be/publications/multipath-tcp-theory-practice},
publisher={Springer Berlin Heidelberg},
keywords={TCP; multipath; implementation; measurements},
author={Barre, Sebastien and Paasch, Christoph and Bonaventure, Olivier},
pages={444-457},
language={English}
}

@phdthesis {Barre_thesis:2011, 
title = {{Implementation and assessment of Modern Host-based Multipath Solutions}},
author = {S. Barre},
school = {UCLouvain},
year = {2011},
url={http://inl.info.ucl.ac.be/publications/implementation-and-assessment-modern-host-based-multipath-solutions}
}

@inproceedings{Honda_Extend:2011,
 author = {Honda, Michio and Nishida, Yoshifumi and Raiciu, Costin and Greenhalgh, Adam and Handley, Mark and Tokuda, Hideyuki},
 title = {Is It Still Possible to Extend {TCP}?},
 booktitle = {Proceedings of the 2011 ACM SIGCOMM Conference on Internet Measurement Conference},
 series = {IMC '11},
 year = {2011},
 isbn = {978-1-4503-1013-0},
 location = {Berlin, Germany},
 pages = {181--194},
 numpages = {14},
 url = {http://doi.acm.org/10.1145/2068816.2068834},
 doi = {10.1145/2068816.2068834},
 acmid = {2068834},
 publisher = {ACM},
 address = {New York, NY, USA},
 keywords = {TCP, measurements, middleboxes, protocol design},
} 



@TechReport{Chihani_mptcp:2011,
  author =       {Bachir Chihani and Denis Collange},
  title =        {A {Multipath TCP} model for ns-3 simulator},
  institution =  {arxiv},
  year =         2011,
  url={http://arxiv.org/pdf/1112.1932.pdf},
  number =    {1112.1932},
  month =     {December}}

