@Article{Bonaventure_Overview:2012,
  author =       {Bonaventure, Olivier and Raiciu, Costin and Handley, Mark},
  title =        {An overview of {Multipath TCP}},
  journal =      {USENIX login;},
  year =         2012,
  month =     {October},
  url =      {http://inl.info.ucl.ac.be/publications/overview-multipath-tcp}}

@inproceedings{Raiciu_Hard:2012,
 author = {Raiciu, Costin and Paasch, Christoph and Barre, Sebastien and Ford, Alan and Honda, Michio and Duchene, Fabien and Bonaventure, Olivier and Handley, Mark},
 title = {How Hard Can It Be? {D}esigning and Implementing a Deployable {Multipath TCP}},
 booktitle = {Proceedings of the 9th USENIX Conference on Networked Systems Design and Implementation},
 series = {NSDI'12},
 year = {2012},
 location = {San Jose, CA},
 pages = {29--29},
 numpages = {1},
 url = {http://inl.info.ucl.ac.be/publications/how-hard-can-it-be-designing-and-implementing-deployable-multipath-tcp},
 acmid = {2228338},
 publisher = {USENIX Association},
 address = {Berkeley, CA, USA},
} 

@INPROCEEDINGS{Cao_Delay:2012, 
author={Yu Cao and Mingwei Xu and Xiaoming Fu}, 
booktitle={Network Protocols (ICNP), 2012 20th IEEE International Conference on}, 
title={Delay-based congestion control for {Multipath TCP}}, 
year={2012}, 
month={Oct}, 
pages={1-10}, 
keywords={approximation theory;iterative methods;telecommunication congestion control;telecommunication traffic;transport protocols;approximate iterative algorithm;congestion equality principle;delay-based algorithm;delay-based congestion control;fine-grained load balancing;intra-protocol fairness;multihomed host;multipath TCP;multipath congestion control;multipath transport protocol;packet loss;packet queuing delay;traffic shifting;wVegas;weighted Vegas;Robustness}, 
doi={10.1109/ICNP.2012.6459978},}

@inproceedings{Khalili_MPTCP:2012,
 author = {Khalili, Ramin and Gast, Nicolas and Popovic, Miroslav and Upadhyay, Utkarsh and Le Boudec, Jean-Yves},
 title = {{MPTCP} is Not Pareto-optimal: Performance Issues and a Possible Solution},
 booktitle = {Proceedings of the 8th International Conference on Emerging Networking Experiments and Technologies},
 series = {CoNEXT '12},
 year = {2012},
 isbn = {978-1-4503-1775-7},
 location = {Nice, France},
 pages = {1--12},
 numpages = {12},
 url = {http://doi.acm.org/10.1145/2413176.2413178},
 doi = {10.1145/2413176.2413178},
 acmid = {2413178},
 publisher = {ACM},
 address = {New York, NY, USA},
 keywords = {congestion control algorithm, multipath TCP, performance evaluation, protocol design},
} 

@inproceedings{Paasch_Exploring:2012,
 author = {Paasch, C. and Detal, G. and Duchene, F. and Raiciu, C. and Bonaventure, O.},
 title = {{Exploring Mobile/WiFi Handover with Multipath TCP}},
 booktitle = {ACM SIGCOMM CellNet workshop },
 year = {2012},
 isbn = {978-1-4503-1475-6},
 location = {Helsinki, Finland},
 pages = {31--36},
 numpages = {6},
 url = {http://doi.acm.org/10.1145/2342468.2342476},
 doi = {10.1145/2342468.2342476},
 acmid = {2342476},
}

@inproceedings{Handigol_mininet:2012,
 author = {Handigol, Nikhil and Heller, Brandon and Jeyakumar, Vimalkumar and Lantz, Bob and McKeown, Nick},
 title = {Reproducible Network Experiments Using Container-based Emulation},
 booktitle = {Proceedings of the 8th International Conference on Emerging Networking Experiments and Technologies},
 series = {CoNEXT '12},
 year = {2012},
 isbn = {978-1-4503-1775-7},
 location = {Nice, France},
 pages = {253--264},
 numpages = {12},
 url = {http://doi.acm.org/10.1145/2413176.2413206},
 doi = {10.1145/2413176.2413206},
 acmid = {2413206},
 publisher = {ACM},
 address = {New York, NY, USA},
 keywords = {container-based emulation, reproducible research},
} 
